<?xml version="1.0" encoding="UTF-8"?><collection xmlns="http://www.loc.gov/MARC21/slim"><record><leader>00404nam--2200133-i-4500</leader><controlfield tag="001">000028495</controlfield><controlfield tag="002">20161230</controlfield><controlfield tag="005">20161230201037</controlfield><controlfield tag="008">060222s1000------------r-----000-0-eng-d</controlfield><datafield ind1=" " ind2=" " tag="080"><subfield code="a">537.591</subfield></datafield><datafield ind1=" " ind2=" " tag="100"><subfield code="a">Leprince-riguet, Louis</subfield></datafield><datafield ind1=" " ind2=" " tag="245"><subfield code="a">Les rayons cosmiques. les mesons. preface de maurice de broglie. nouvelle ed.revue et augmentee</subfield></datafield><datafield ind1=" " ind2=" " tag="260"><subfield code="a">Paris, Albin Michel, [1945], 407p.Cu Ilust</subfield></datafield><datafield ind1=" " ind2=" " tag="852"><subfield code="a">1867</subfield></datafield></record></collection>